@misc{spaceleakbug,
 author = {Claus Reinke},
 title = {{-O} introduces space leak},
 note = {{The GHC bugtracker}},
 url = {http://hackage.haskell.org/trac/ghc/ticket/917},
 year = {2006},
 month = {September}
}

@misc{commentary,
 author = {Simon L. {Peyton Jones} and the GHC developers},
 title = {{Glasgow Haskell Compiler Commentary}},
 url = {http://hackage.haskell.org/trac/ghc/wiki/Commentary},
 year = {2012},
}

@ARTICLE{stg,
 author = {Simon L. {Peyton Jones}},
 title = {{Implementing lazy functional languages on stock hardware: the Spineless Tagless G-machine}},
 journal = {Journal of Functional Programming},
 year = {1992},
 volume = {2},
 pages = {127--202}
}

@article{evalapply,
  author    = {Simon Marlow and
               Simon L. {Peyton Jones}},
  title     = {Making a fast curry: push/enter vs. eval/apply for higher-order
               languages},
  journal = {Journal of Functional Programming},
  volume    = {16},
  number    = {4-5},
  year      = {2006},
  pages     = {415-449},
  ee        = {http://dx.doi.org/10.1017/S0956796806005995},
  bibsource = {DBLP, http://dblp.uni-trier.de}
}

@inproceedings{system-fc,
	author = {Martin Sulzmann and Manuel M.T. Chakravarty and Simon L. {Peyton Jones} and Kevin Donnelly},
	booktitle = {{TLDI '07: Proceedings of the 2007 ACM SIGPLAN International Workshop on Types in Language Design and Implementation}},
	pages = {53--66},
	title = {{System F} with type equality coercions},
	year = {2007}
}
	publisher = {ACM},
	address = {New York, NY, USA},
	url = {http://portal.acm.org/citation.cfm?id=1190324},

@misc{core,
	author = {Andrew Tolmach and Tim Chevalier and {the GHC team}},
	title = {An External Representation for the GHC Core Language},
	url = {http://www.haskell.org/ghc/docs/7.4.1/core.pdf},
	year = {2012},
	month = {February},
}

@inproceedings{launchbury,
  author    = {John Launchbury},
  title     = {A Natural Semantics for Lazy Evaluation},
  booktitle = {POPL},
  year      = {1993},
  pages     = {144-154},
  ee        = {http://doi.acm.org/10.1145/158511.158618},
  bibsource = {DBLP, http://dblp.uni-trier.de}
}
  crossref  = {DBLP:conf/popl/1993},

@inproceedings{sampson,
 author = {Sampson, Curt J.},
 title = {Experience report: Haskell in the 'real world': writing a commercial application in a lazy functional lanuage},
 booktitle = {Proceedings of the 14th ACM SIGPLAN international conference on Functional programming},
 year = {2009},
 location = {Edinburgh, Scotland},
 pages = {185--190},
 numpages = {6},
 doi = {10.1145/1596550.1596578},
 acmid = {1596578},
 keywords = {commercial programming, financial systems, functional programming, haskell},
} 
 url = {http://doi.acm.org/10.1145/1596550.1596578},
 series = {ICFP '09},
 isbn = {978-1-60558-332-7},
 publisher = {ACM},
 address = {New York, NY, USA},

@misc{wehr,
 author = {Stefan Wehr},
 title = {{Kommerzielle Softwareentwicklung mit Haskell}},
 subtitle = {Ein Erfahrungsbericht},
 year = {2011},
 month = {Oct},
 note = {talk, Hal6, Leipzig},
 url = {http://www.factisresearch.com/resources/Talk_Wehr_Hal6_2011-10-07.pdf}
}

@misc{hesselink,
 author = {Erik Hesselink},
 title = {{Silk: making the sematic web functional}},
 subtitle = {Functional programming at Silk},
 year = {2012},
 month = {March},
 note = {talk, Functional Programming Exchange 2012, London},
}

@inproceedings{deforestation,
  author    = {Andrew J. Gill and
               John Launchbury and
               Simon L. {Peyton Jones}},
  title     = {A Short Cut to Deforestation},
  booktitle = {FPCA},
  year      = {1993},
  pages     = {223-232},
  bibsource = {DBLP, http://dblp.uni-trier.de}
}

@inproceedings{unboxed,
  author    = {Simon L. {Peyton Jones} and
               John Launchbury},
  title     = {Unboxed Values as First Class Citizens in a Non-Strict Functional
               Language},
  booktitle = {FPCA},
  volume    = {523},
  year      = {1991},
  pages     = {636-666},
  doi       = {10.1007/3540543961_30},
  bibsource = {DBLP, http://dblp.uni-trier.de}
}
  crossref  = {DBLP:conf/fpca/1991},

@article{churchenc,
  author    = {Corrado B{\"o}hm and
               Alessandro Berarducci},
  title     = {Automatic Synthesis of Typed Lambda-Programs on Term Algebras},
  journal   = {Theor. Comput. Sci.},
  volume    = {39},
  year      = {1985},
  pages     = {135-154},
  doi       = {10.1016/0304-3975(85)90135-5},
  bibsource = {DBLP, http://dblp.uni-trier.de}
}

@misc{olegchurchenc,
  author    = {Oleg Kiselyov},
  title     = {Beyond Church encoding: Boehm-Berarducci isomorphism of algebraic data types and polymorphic lambda-terms},
  year      = {2012},
  month     = {April},
  url       = {http://okmij.org/ftp/tagless-final/course/Boehm-Berarducci.html},
}
